[gd_scene load_steps=10 format=2]

[ext_resource path="res://blokoj/kosmostacioj/espero/resursoj/hangaroutside.glb" type="PackedScene" id=1]
[ext_resource path="res://blokoj/kosmostacioj/espero/resursoj/inside.JPG" type="Texture" id=2]
[ext_resource path="res://blokoj/kosmostacioj/espero/resursoj/forcefieldmaterial.tres" type="Material" id=4]

[sub_resource type="BoxShape" id=1]
extents = Vector3( 0.851175, 1.06687, 0.915551 )

[sub_resource type="PlaneMesh" id=2]

[sub_resource type="PlaneMesh" id=3]

[sub_resource type="SpatialMaterial" id=4]
albedo_texture = ExtResource( 2 )

[sub_resource type="PlaneMesh" id=5]

[sub_resource type="SpatialMaterial" id=6]
emission_enabled = true
emission = Color( 0.466667, 0.670588, 0.678431, 1 )
emission_energy = 0.09
emission_operator = 0
emission_on_uv2 = false

[node name="hangaroutside" instance=ExtResource( 1 )]

[node name="StaticBodyH" type="StaticBody" parent="hangaroutside002" index="0"]

[node name="CollisionShape" type="CollisionShape" parent="hangaroutside002/StaticBodyH" index="0"]
transform = Transform( 46.7547, 0, 0, 0, 18.3368, 0, 0, 0, 86.948, 0, 20.0128, -2.71972 )
shape = SubResource( 1 )

[node name="forcefield" type="MeshInstance" parent="." index="3"]
transform = Transform( 35, 0, 0, 0, -4.37114e-08, 11, 0, -1, -4.80825e-07, 0, 20, -79.3723 )
mesh = SubResource( 2 )
material/0 = ExtResource( 4 )

[node name="inside" type="MeshInstance" parent="forcefield" index="0"]
transform = Transform( -1.04356, -1.11697e-15, 2.55534e-08, 1.39574e-13, 1, 4.90895e-07, -2.9028e-07, 4.46269e-08, -0.930035, 0, -0.0802917, -0.0843995 )
mesh = SubResource( 3 )
material/0 = SubResource( 4 )

[node name="OmniLight" type="OmniLight" parent="forcefield" index="1"]
transform = Transform( 0.0285714, 0, 0, 0, -4.37114e-08, -1, 0, 0.0909091, -3.97376e-09, 0, 12.74, -0.153032 )
omni_range = 54.431

[node name="MeshInstance" type="MeshInstance" parent="." index="4"]
transform = Transform( 37, 0, 0, 0, -4.37114e-08, 15, 0, -1, -6.55671e-07, 0, 20, -78.4607 )
visible = false
mesh = SubResource( 5 )
material/0 = SubResource( 6 )
